<marcxml:record xmlns:marcxml="http://www.loc.gov/MARC21/slim" xmlns:mets="http://www.loc.gov/METS/" xmlns:bf="http://id.loc.gov/ontologies/bibframe/" xmlns:bflc="http://id.loc.gov/ontologies/bflc/" xmlns:madsrdf="http://www.loc.gov/mads/rdf/v1#" xmlns:rdf="http://www.w3.org/1999/02/22-rdf-syntax-ns#" xmlns:ri="http://id.loc.gov/ontologies/RecordInfo#" xmlns:idx="info:lc/xq-modules/lcindex" xmlns:semtriples="http://marklogic.com/semantic" xmlns:xsi="http://www.w3.org/2001/XMLSchema-instance" xmlns:xlink="http://www.w3.org/1999/xlink" xmlns:streams="info:lc/streams#">
  <marcxml:leader>05104cam a22007815i 4500</marcxml:leader>
  <marcxml:controlfield tag="001">20865786</marcxml:controlfield>
  <marcxml:controlfield tag="005">20190225153254.0</marcxml:controlfield>
  <marcxml:controlfield tag="008">190225s2019    nyu    j      000 j eng d</marcxml:controlfield>
  <marcxml:datafield tag="906" ind1=" " ind2=" ">
    <marcxml:subfield code="a">0</marcxml:subfield>
    <marcxml:subfield code="b">ibc</marcxml:subfield>
    <marcxml:subfield code="c">copycat</marcxml:subfield>
    <marcxml:subfield code="d">2</marcxml:subfield>
    <marcxml:subfield code="e">ncip</marcxml:subfield>
    <marcxml:subfield code="f">20</marcxml:subfield>
    <marcxml:subfield code="g">y-gencatlg</marcxml:subfield>
  </marcxml:datafield>
  <marcxml:datafield tag="925" ind1="0" ind2=" ">
    <marcxml:subfield code="a">acquire</marcxml:subfield>
    <marcxml:subfield code="b">1 shelf copy</marcxml:subfield>
    <marcxml:subfield code="x">policy default</marcxml:subfield>
  </marcxml:datafield>
  <marcxml:datafield tag="955" ind1=" " ind2=" ">
    <marcxml:subfield code="b">xn11 2019-02-25 z-processor to USPRLL</marcxml:subfield>
  </marcxml:datafield>
  <marcxml:datafield tag="010" ind1=" " ind2=" ">
    <marcxml:subfield code="a">  2018289548</marcxml:subfield>
  </marcxml:datafield>
  <marcxml:datafield tag="020" ind1=" " ind2=" ">
    <marcxml:subfield code="a">9780062698728</marcxml:subfield>
    <marcxml:subfield code="q">(hardcover)</marcxml:subfield>
  </marcxml:datafield>
  <marcxml:datafield tag="020" ind1=" " ind2=" ">
    <marcxml:subfield code="a">0062698729</marcxml:subfield>
    <marcxml:subfield code="q">(hardcover)</marcxml:subfield>
  </marcxml:datafield>
  <marcxml:datafield tag="035" ind1=" " ind2=" ">
    <marcxml:subfield code="a">(OCoLC)on1080866774</marcxml:subfield>
  </marcxml:datafield>
  <marcxml:datafield tag="037" ind1=" " ind2=" ">
    <marcxml:subfield code="b">Harpercollins Childrens Books, Attn Elaine Nealon 53 Glenmaura National Blvd Ste 300, Moosaic, PA, USA, 18507-2132</marcxml:subfield>
    <marcxml:subfield code="n">SAN 200-2086</marcxml:subfield>
  </marcxml:datafield>
  <marcxml:datafield tag="040" ind1=" " ind2=" ">
    <marcxml:subfield code="a">NjBwBT</marcxml:subfield>
    <marcxml:subfield code="b">eng</marcxml:subfield>
    <marcxml:subfield code="c">T7B</marcxml:subfield>
    <marcxml:subfield code="e">rda</marcxml:subfield>
    <marcxml:subfield code="d">OCLCO</marcxml:subfield>
    <marcxml:subfield code="d">NZD</marcxml:subfield>
    <marcxml:subfield code="d">HRF</marcxml:subfield>
    <marcxml:subfield code="d">OJ4</marcxml:subfield>
    <marcxml:subfield code="d">VAX</marcxml:subfield>
    <marcxml:subfield code="d">RB0</marcxml:subfield>
    <marcxml:subfield code="d">CGL</marcxml:subfield>
    <marcxml:subfield code="d">CZA</marcxml:subfield>
    <marcxml:subfield code="d">GSU</marcxml:subfield>
    <marcxml:subfield code="d">IGA</marcxml:subfield>
    <marcxml:subfield code="d">JTH</marcxml:subfield>
    <marcxml:subfield code="d">EHH</marcxml:subfield>
    <marcxml:subfield code="d">YDX</marcxml:subfield>
    <marcxml:subfield code="d">CGP</marcxml:subfield>
    <marcxml:subfield code="d">UAP</marcxml:subfield>
    <marcxml:subfield code="d">FNN</marcxml:subfield>
    <marcxml:subfield code="d">DF$</marcxml:subfield>
    <marcxml:subfield code="d">SSH</marcxml:subfield>
    <marcxml:subfield code="d">TFH</marcxml:subfield>
    <marcxml:subfield code="d">JTH</marcxml:subfield>
    <marcxml:subfield code="d">OCLCF</marcxml:subfield>
    <marcxml:subfield code="d">NQO</marcxml:subfield>
    <marcxml:subfield code="d">ORU</marcxml:subfield>
    <marcxml:subfield code="d">PX9</marcxml:subfield>
    <marcxml:subfield code="d">OCLCO</marcxml:subfield>
    <marcxml:subfield code="d">ILM</marcxml:subfield>
    <marcxml:subfield code="d">UW3</marcxml:subfield>
    <marcxml:subfield code="d">TXNPS</marcxml:subfield>
    <marcxml:subfield code="d">NGU</marcxml:subfield>
    <marcxml:subfield code="d">OCLCO</marcxml:subfield>
    <marcxml:subfield code="d">IPL</marcxml:subfield>
    <marcxml:subfield code="d">OCLCO</marcxml:subfield>
    <marcxml:subfield code="d">KYC</marcxml:subfield>
    <marcxml:subfield code="d">ANK</marcxml:subfield>
    <marcxml:subfield code="d">OCLCO</marcxml:subfield>
    <marcxml:subfield code="d">CUY</marcxml:subfield>
    <marcxml:subfield code="d">OCLCO</marcxml:subfield>
    <marcxml:subfield code="d">CNCAR</marcxml:subfield>
    <marcxml:subfield code="d">OCLCO</marcxml:subfield>
    <marcxml:subfield code="d">DCH</marcxml:subfield>
    <marcxml:subfield code="d">FEM</marcxml:subfield>
    <marcxml:subfield code="d">DLC</marcxml:subfield>
  </marcxml:datafield>
  <marcxml:datafield tag="042" ind1=" " ind2=" ">
    <marcxml:subfield code="a">lccopycat</marcxml:subfield>
  </marcxml:datafield>
  <marcxml:datafield tag="043" ind1=" " ind2=" ">
    <marcxml:subfield code="a">n-us---</marcxml:subfield>
  </marcxml:datafield>
  <marcxml:datafield tag="082" ind1="0" ind2="4">
    <marcxml:subfield code="a">[Fic]</marcxml:subfield>
    <marcxml:subfield code="2">23</marcxml:subfield>
  </marcxml:datafield>
  <marcxml:datafield tag="097" ind1="0" ind2="0">
    <marcxml:subfield code="a">PZ5</marcxml:subfield>
    <marcxml:subfield code="b">.B49 2019</marcxml:subfield>
  </marcxml:datafield>
  <marcxml:datafield tag="097" ind1="0" ind2="0">
    <marcxml:subfield code="a">PS509.N4</marcxml:subfield>
    <marcxml:subfield code="b">B553 2019</marcxml:subfield>
  </marcxml:datafield>
  <marcxml:datafield tag="245" ind1="0" ind2="0">
    <marcxml:subfield code="a">Black enough :</marcxml:subfield>
    <marcxml:subfield code="b">stories of being young &amp; black in America /</marcxml:subfield>
    <marcxml:subfield code="c">edited by Ibi Zoboi.</marcxml:subfield>
  </marcxml:datafield>
  <marcxml:datafield tag="250" ind1=" " ind2=" ">
    <marcxml:subfield code="a">First edition.</marcxml:subfield>
  </marcxml:datafield>
  <marcxml:datafield tag="264" ind1=" " ind2="1">
    <marcxml:subfield code="a">New York, NY :</marcxml:subfield>
    <marcxml:subfield code="b">Balzer + Bray, an imprint of HarperCollinsPublishers,</marcxml:subfield>
    <marcxml:subfield code="c">[2019]</marcxml:subfield>
  </marcxml:datafield>
  <marcxml:datafield tag="300" ind1=" " ind2=" ">
    <marcxml:subfield code="a">xiv, 400 pages ;</marcxml:subfield>
    <marcxml:subfield code="c">22 cm</marcxml:subfield>
  </marcxml:datafield>
  <marcxml:datafield tag="336" ind1=" " ind2=" ">
    <marcxml:subfield code="a">text</marcxml:subfield>
    <marcxml:subfield code="b">txt</marcxml:subfield>
    <marcxml:subfield code="2">rdacontent</marcxml:subfield>
  </marcxml:datafield>
  <marcxml:datafield tag="337" ind1=" " ind2=" ">
    <marcxml:subfield code="a">unmediated</marcxml:subfield>
    <marcxml:subfield code="b">n</marcxml:subfield>
    <marcxml:subfield code="2">rdamedia</marcxml:subfield>
  </marcxml:datafield>
  <marcxml:datafield tag="338" ind1=" " ind2=" ">
    <marcxml:subfield code="a">volume</marcxml:subfield>
    <marcxml:subfield code="b">nc</marcxml:subfield>
    <marcxml:subfield code="2">rdacarrier</marcxml:subfield>
  </marcxml:datafield>
  <marcxml:datafield tag="380" ind1=" " ind2=" ">
    <marcxml:subfield code="a">Short story</marcxml:subfield>
    <marcxml:subfield code="2">marcgt</marcxml:subfield>
  </marcxml:datafield>
  <marcxml:datafield tag="380" ind1=" " ind2=" ">
    <marcxml:subfield code="a">Book</marcxml:subfield>
    <marcxml:subfield code="2">marcgt</marcxml:subfield>
  </marcxml:datafield>
  <marcxml:datafield tag="520" ind1=" " ind2=" ">
    <marcxml:subfield code="a">Black is...sisters navigating their relationship at summer camp in Portland, Oregon, as written by Renée Watson. Black is...three friends walking back from the community pool talking about nothing and everything, in a story by Jason Reynolds. Black is...Nic Stone's high-class beauty dating a boy her momma would never approve of. Black is...two girls kissing in Justina Ireland's story set in Maryland. Black is urban and rural, wealthy and poor, mixed race, immigrants, and more--because there are countless ways to be Black enough. A collection of short stories explore what it is like to be young and black, centering on the experiences of black teenagers and emphasizing that one person's experiences, reality, and personal identity are different than someone else.</marcxml:subfield>
  </marcxml:datafield>
  <marcxml:datafield tag="505" ind1="0" ind2=" ">
    <marcxml:subfield code="a">Half a moon / Renée Watson -- Black enough / Varian Johnson -- Warning, color may fade / Leah Henderson -- Black. Nerd. Problems / Lamar Giles -- Out of the silence / Kekla Magoon -- The ingredients / Jason Reynolds -- Oreo / Brandy Colbert -- Samson and the Delilahs / Tochi Onyebuchi -- Stop playing / Liara Tamani -- Wild horses, wild hearts / Jay Coles -- Whoa! / Rita Williams-Garcia -- Gravity / Tracey Baptiste -- The trouble with drowning / Dhonielle Clayton -- Kissing Sarah Smart / Justina Ireland -- Hackathon Summers / Coe Booth -- Into the starlight / Nic Stone -- The (r)evolution of Nigeria Jones / Ibi Zoboi.</marcxml:subfield>
  </marcxml:datafield>
  <marcxml:datafield tag="650" ind1=" " ind2="0">
    <marcxml:subfield code="a">African American teenagers</marcxml:subfield>
    <marcxml:subfield code="v">Fiction.</marcxml:subfield>
  </marcxml:datafield>
  <marcxml:datafield tag="650" ind1=" " ind2="0">
    <marcxml:subfield code="a">Short stories, American.</marcxml:subfield>
  </marcxml:datafield>
  <marcxml:datafield tag="650" ind1=" " ind2="0">
    <marcxml:subfield code="a">Young adult fiction, American.</marcxml:subfield>
  </marcxml:datafield>
  <marcxml:datafield tag="655" ind1=" " ind2="0">
    <marcxml:subfield code="a">Young adult fiction.</marcxml:subfield>
  </marcxml:datafield>
  <marcxml:datafield tag="650" ind1=" " ind2="1">
    <marcxml:subfield code="a">Teenagers, Black</marcxml:subfield>
    <marcxml:subfield code="v">Fiction.</marcxml:subfield>
  </marcxml:datafield>
  <marcxml:datafield tag="650" ind1=" " ind2="4">
    <marcxml:subfield code="a">YOUNG ADULT FICTION / Short Stories.</marcxml:subfield>
  </marcxml:datafield>
  <marcxml:datafield tag="650" ind1=" " ind2="4">
    <marcxml:subfield code="a">YOUNG ADULT FICTION / People &amp; Places / United States / African American.</marcxml:subfield>
  </marcxml:datafield>
  <marcxml:datafield tag="650" ind1=" " ind2="4">
    <marcxml:subfield code="a">YOUNG ADULT FICTION / Coming of Age.</marcxml:subfield>
  </marcxml:datafield>
  <marcxml:datafield tag="655" ind1=" " ind2="4">
    <marcxml:subfield code="a">Short stories.</marcxml:subfield>
  </marcxml:datafield>
  <marcxml:datafield tag="650" ind1=" " ind2="7">
    <marcxml:subfield code="a">YOUNG ADULT FICTION / Coming of Age.</marcxml:subfield>
    <marcxml:subfield code="2">bisacsh</marcxml:subfield>
  </marcxml:datafield>
  <marcxml:datafield tag="650" ind1=" " ind2="7">
    <marcxml:subfield code="a">YOUNG ADULT FICTION / People &amp; Places / United States / African American.</marcxml:subfield>
    <marcxml:subfield code="2">bisacsh</marcxml:subfield>
  </marcxml:datafield>
  <marcxml:datafield tag="650" ind1=" " ind2="7">
    <marcxml:subfield code="a">YOUNG ADULT FICTION / Short Stories.</marcxml:subfield>
    <marcxml:subfield code="2">bisacsh</marcxml:subfield>
  </marcxml:datafield>
  <marcxml:datafield tag="650" ind1=" " ind2="7">
    <marcxml:subfield code="a">African American teenagers.</marcxml:subfield>
    <marcxml:subfield code="2">fast</marcxml:subfield>
    <marcxml:subfield code="0">(OCoLC)fst00799406</marcxml:subfield>
  </marcxml:datafield>
  <marcxml:datafield tag="655" ind1=" " ind2="7">
    <marcxml:subfield code="a">Fiction.</marcxml:subfield>
    <marcxml:subfield code="2">fast</marcxml:subfield>
    <marcxml:subfield code="0">(OCoLC)fst01423787</marcxml:subfield>
  </marcxml:datafield>
  <marcxml:datafield tag="655" ind1=" " ind2="7">
    <marcxml:subfield code="a">Short stories.</marcxml:subfield>
    <marcxml:subfield code="2">fast</marcxml:subfield>
    <marcxml:subfield code="0">(OCoLC)fst01726740</marcxml:subfield>
  </marcxml:datafield>
  <marcxml:datafield tag="655" ind1=" " ind2="7">
    <marcxml:subfield code="a">Short stories.</marcxml:subfield>
    <marcxml:subfield code="2">gsafd</marcxml:subfield>
  </marcxml:datafield>
  <marcxml:datafield tag="655" ind1=" " ind2="7">
    <marcxml:subfield code="a">Short stories.</marcxml:subfield>
    <marcxml:subfield code="2">lcgft</marcxml:subfield>
  </marcxml:datafield>
  <marcxml:datafield tag="700" ind1="1" ind2=" ">
    <marcxml:subfield code="a">Zoboi, Ibi Aanu,</marcxml:subfield>
    <marcxml:subfield code="e">editor.</marcxml:subfield>
  </marcxml:datafield>
  <marcxml:datafield tag="700" ind1="1" ind2="2">
    <marcxml:subfield code="a">Watson, Renée.</marcxml:subfield>
    <marcxml:subfield code="t">Half a Moon.</marcxml:subfield>
    <marcxml:subfield code="i">Container of (work):</marcxml:subfield>
  </marcxml:datafield>
  <marcxml:datafield tag="700" ind1="1" ind2="2">
    <marcxml:subfield code="a">Johnson, Varian.</marcxml:subfield>
    <marcxml:subfield code="t">Black enough.</marcxml:subfield>
    <marcxml:subfield code="i">Container of (work):</marcxml:subfield>
  </marcxml:datafield>
  <marcxml:datafield tag="700" ind1="1" ind2="2">
    <marcxml:subfield code="a">Henderson, Leah.</marcxml:subfield>
    <marcxml:subfield code="t">Warning, color may fade.</marcxml:subfield>
    <marcxml:subfield code="i">Container of (work):</marcxml:subfield>
  </marcxml:datafield>
  <marcxml:datafield tag="700" ind1="1" ind2="2">
    <marcxml:subfield code="a">Giles, L. R.</marcxml:subfield>
    <marcxml:subfield code="q">(Lamar R.).</marcxml:subfield>
    <marcxml:subfield code="t">Black. Nerd. Problems.</marcxml:subfield>
    <marcxml:subfield code="i">Container of (work):</marcxml:subfield>
  </marcxml:datafield>
  <marcxml:datafield tag="700" ind1="1" ind2="2">
    <marcxml:subfield code="a">Magoon, Kekla.</marcxml:subfield>
    <marcxml:subfield code="t">Out of the silence.</marcxml:subfield>
    <marcxml:subfield code="i">Container of (work):</marcxml:subfield>
  </marcxml:datafield>
  <marcxml:datafield tag="700" ind1="1" ind2="2">
    <marcxml:subfield code="a">Reynolds, Jason.</marcxml:subfield>
    <marcxml:subfield code="t">Ingredients.</marcxml:subfield>
    <marcxml:subfield code="i">Container of (work):</marcxml:subfield>
  </marcxml:datafield>
  <marcxml:datafield tag="700" ind1="1" ind2="2">
    <marcxml:subfield code="a">Colbert, Brandy.</marcxml:subfield>
    <marcxml:subfield code="t">Oreo.</marcxml:subfield>
    <marcxml:subfield code="i">Container of (work):</marcxml:subfield>
  </marcxml:datafield>
  <marcxml:datafield tag="700" ind1="1" ind2="2">
    <marcxml:subfield code="a">Onyebuchi, Tochi.</marcxml:subfield>
    <marcxml:subfield code="t">Samson and the Delilahs.</marcxml:subfield>
    <marcxml:subfield code="i">Container of (work):</marcxml:subfield>
  </marcxml:datafield>
  <marcxml:datafield tag="700" ind1="1" ind2="2">
    <marcxml:subfield code="a">Tamani, Liara.</marcxml:subfield>
    <marcxml:subfield code="t">Stop playing.</marcxml:subfield>
    <marcxml:subfield code="i">Container of (work):</marcxml:subfield>
  </marcxml:datafield>
  <marcxml:datafield tag="700" ind1="1" ind2="2">
    <marcxml:subfield code="a">Coles, Jay.</marcxml:subfield>
    <marcxml:subfield code="t">Wild horses, wild hearts.</marcxml:subfield>
    <marcxml:subfield code="i">Container of (work):</marcxml:subfield>
  </marcxml:datafield>
  <marcxml:datafield tag="700" ind1="1" ind2="2">
    <marcxml:subfield code="a">Williams-Garcia, Rita.</marcxml:subfield>
    <marcxml:subfield code="t">Whoa!</marcxml:subfield>
    <marcxml:subfield code="i">Container of (work):</marcxml:subfield>
  </marcxml:datafield>
  <marcxml:datafield tag="700" ind1="1" ind2="2">
    <marcxml:subfield code="a">Baptiste, Tracey.</marcxml:subfield>
    <marcxml:subfield code="t">Gravity.</marcxml:subfield>
    <marcxml:subfield code="i">Container of (work):</marcxml:subfield>
  </marcxml:datafield>
  <marcxml:datafield tag="700" ind1="1" ind2="2">
    <marcxml:subfield code="a">Clayton, Dhonielle.</marcxml:subfield>
    <marcxml:subfield code="t">Trouble with drowning.</marcxml:subfield>
    <marcxml:subfield code="i">Container of (work):</marcxml:subfield>
  </marcxml:datafield>
  <marcxml:datafield tag="700" ind1="1" ind2="2">
    <marcxml:subfield code="a">Ireland, Justina.</marcxml:subfield>
    <marcxml:subfield code="t">Kissing Sarah Smart.</marcxml:subfield>
    <marcxml:subfield code="i">Container of (work):</marcxml:subfield>
  </marcxml:datafield>
  <marcxml:datafield tag="700" ind1="1" ind2="2">
    <marcxml:subfield code="a">Booth, Coe.</marcxml:subfield>
    <marcxml:subfield code="t">Hackathon summers.</marcxml:subfield>
    <marcxml:subfield code="i">Container of (work):</marcxml:subfield>
  </marcxml:datafield>
  <marcxml:datafield tag="700" ind1="1" ind2="2">
    <marcxml:subfield code="a">Stone, Nic.</marcxml:subfield>
    <marcxml:subfield code="t">Into the starlight.</marcxml:subfield>
    <marcxml:subfield code="i">Container of (work):</marcxml:subfield>
  </marcxml:datafield>
  <marcxml:datafield tag="700" ind1="1" ind2="2">
    <marcxml:subfield code="a">Zoboi, Ibi Aanu.</marcxml:subfield>
    <marcxml:subfield code="t">(R)evolution of Nigeria Jones.</marcxml:subfield>
    <marcxml:subfield code="i">Container of (work):</marcxml:subfield>
  </marcxml:datafield>
</marcxml:record>
